@article{lemon2016understanding,
  title={Understanding customer experience throughout the customer journey},
  author={Lemon, Katherine N and Verhoef, Peter C},
  journal={Journal of Marketing},
  year={2016},
  publisher={American Marketing Association}
} 
@inproceedings{how_to_improve,
  title={How to Improve the Overall Pre-purchase Experience Through a New Category Structure Based on a Compatible Database: Gittigidiyor (Ebay Turkey) Case},
  author={G{\"u}rvardar, {\.I}rfan and R{\i}zvano{\u{g}}lu, Kerem and {\"O}zt{\"u}rk, {\"O}zg{\"u}rol and Yavuz, {\"O}zg{\"u}r},
  booktitle={International Conference of Design, User Experience, and Usability},
  pages={366--376},
  year={2016},
  organization={Springer}
}
@inproceedings{key_factors_in,
  title={Key factors in developing omnichannel customer experience with finnish retailers},
  author={Peltola, Satu and Vainio, Harri and Nieminen, Marko},
  booktitle={International Conference on HCI in Business},
  pages={335--346},
  year={2015},
  organization={Springer}
}
@techreport{MSI2016,
  TITLE =         {Research Priorities 2014-2016},
  INSTITUTION =   {Marketing Science Institute},
  YEAR  =         {2014},
  PAGES =         {24},
  URL   =         {http://www.msi.org/uploads/articles/MSI\_RP16-18.pdf},
}
@inproceedings{bernard2017cjm,
  title={A Process Mining Based Model for Customer Journey Mapping},
  author={Bernard, Ga{\"e}l and Andritsos, Periklis},
  booktitle={Proceedings of the Forum and Doctoral Consortium Papers Presented at the 29th International Conference on Advanced Information Systems Engineering (CAiSE 2017)},
  year={2017}
}
@inproceedings{bernard2019genetic,
  title={Discovering Customer Journeys from Evidence: a Genetic Approach Inspired by Process Mining},
  author={Bernard, Ga{\"e}l and Andritsos, Periklis},
  booktitle={Proceedings of the Forum and Doctoral Consortium Papers Presented at the 31st International Conference on Advanced Information Systems Engineering (CAiSE 2019)},
  year={2019}
}
@article{gabadinho2009summarizing,
  title={Summarizing Sets of Categorical Sequences: selecting and visualizing representative sequences},
  author={Gabadinho, Alexis and Ritschard, Gilbert and Studer, Matthias and Mueller, Nicolas S{\'e}verin},
  year={October 2009},
  publisher={Springer},
  booktitle={First International Joint Conference, IC3K (Knowledge Discovery, Knowledge Engineering and Knowledge Management)},
  pages={94--106},
}
@inproceedings{gabadinho2009extracting,
  title={Extracting and rendering representative sequences},
  author={Gabadinho, Alexis and Ritschard, Gilbert and Studer, Matthias and M{\"u}ller, Nicolas S},
  booktitle={International Joint Conference on Knowledge Discovery, Knowledge Engineering, and Knowledge Management},
  pages={94--106},
  year={2009},
  organization={Springer}
}
@techreport{Gartner2015,
  AUTHOR =        {Olding, Elise and Cantara, Michele and Robertson, Bruce and Dunie, Rob and Huang, Olive and Searle, Samantha},
  TITLE =         {Predicts 2016: Business Transformation and Process Management Bridge the Strategy-toExecution Gap},
  INSTITUTION =   {Gartner},
  MONTH =         {November},
  YEAR  =         {2015},
  PAGES =         {13},
  URL   =         {https://www.gartner.com/doc/3173020/predicts--business-transformation-process},
}
@inproceedings{bernard2017cjmEX,
  title={CJM-ex: Goal-oriented Exploration of Customer Journey Maps using Event Logs and Data Analytics},
  author={Bernard, Ga{\"e}l and Andritsos, Periklis},
  booktitle={15th International Conference on Business Process Management (BPM2017)},
  year={2017}
}
@article{bernard2017Markov,
  title={Discovering Customer Journey Maps using a Mixture of Markov Models},
  author={Harbich, Matthieu and Bernard, Ga{\"e}l and Berkes, Pietro and Garbinato, Beno{\^\i}t and Andritsos, Periklis},
  booktitle={IFIP 2.6 International Symposium on Data-Driven Process Discovery and Analysis},
  year={2017/12}
}
@inproceedings{buijs2012genetic,
  title={A genetic algorithm for discovering process trees},
  author={Buijs, Joos CAM and van Dongen, Boudewijn F and van der Aalst, Wil MP},
  booktitle={Evolutionary Computation (CEC), 2012 IEEE Congress on},
  pages={1--8},
  year={2012},
  organization={IEEE}
}
@article{vazquez2015prodigen,
  title={ProDiGen: Mining complete, precise and minimal structure process models with a genetic algorithm},
  author={V{\'a}zquez-Barreiros, Borja and Mucientes, Manuel and Lama, Manuel},
  journal={Information Sciences},
  volume={294},
  pages={315--333},
  year={2015},
  publisher={Elsevier}
}
@inproceedings{de2005genetic,
  title={Genetic process mining},
  author={De Medeiros, AK Alves and Weijters, AJMM},
  booktitle={Applications and Theory of Petri Nets 2005, Volume 3536 of Lecture Notes in Computer Science},
  year={2005},
  organization={Citeseer}
}
@inproceedings{levenshtein1966binary,
  title={Binary codes capable of correcting deletions, insertions, and reversals},
  author={Levenshtein, Vladimir I},
  booktitle={Soviet physics doklady},
  volume={10},
  number={8},
  pages={707--710},
  year={1966}
}
@article{schwarz1978estimating,
  title={Estimating the dimension of a model},
  author={Schwarz, Gideon and others},
  journal={The annals of statistics},
  volume={6},
  number={2},
  pages={461--464},
  year={1978},
  publisher={Institute of Mathematical Statistics}
}
@article{calinski1974dendrite,
  title={A dendrite method for cluster analysis},
  author={Cali{\'n}ski, Tadeusz and Harabasz, Jerzy},
  journal={Communications in Statistics-theory and Methods},
  volume={3},
  number={1},
  pages={1--27},
  year={1974},
  publisher={Taylor \& Francis}
}
@article{gabadinho2013searching,
  title={Searching for typical life trajectories applied to childbirth histories},
  author={Gabadinho, Alexis and Ritschard, Gilbert},
  journal={Gendered life courses-Between individualization and standardization. A European approach applied to Switzerland},
  number={2013},
  pages={287--312},
  year={2013}
}
@article{verhoef2009customer,
  title={Customer experience creation: Determinants, dynamics and management strategies},
  author={Verhoef, Peter C and Lemon, Katherine N and Parasuraman, Ananthanarayanan and Roggeveen, Anne and Tsiros, Michael and Schlesinger, Leonard A},
  journal={Journal of retailing},
  volume={85},
  number={1},
  pages={31--41},
  year={2009},
  publisher={Elsevier}
}
@techreport{McKinsey2017cultureDig,
  AUTHOR =        {Goran, Julie and LaBerge, Laura and Srinivasan, Ramesh},
  TITLE =         {Culture for a digital age},
  INSTITUTION =   {McKinsey},
  MONTH =         {July},
  YEAR  =         {2017},
  URL   =         {https://www.mckinsey.com/business-functions/digital-mckinsey/our-insights/culture-for-a-digital-age},
}